@misc{Overwatch Twitter,
author = {Blizzard Entertainment} ,
title = {35 million players and counting...},
 month = {October},
 year = {2017},}